<record><leader>00000cas a22000007a 4500</leader><controlfield tag="001">20404378</controlfield><controlfield tag="008">890927d19351975mouwr ne      0    0eng d</controlfield><datafield ind1=" " ind2=" " tag="010"><subfield code="a">sn 89066979 </subfield></datafield><datafield ind1=" " ind2=" " tag="040"><subfield code="a">MQN</subfield><subfield code="b">eng</subfield><subfield code="c">MQN</subfield><subfield code="d">OCLCQ</subfield></datafield><datafield ind1=" " ind2=" " tag="042"><subfield code="a">msc</subfield></datafield><datafield ind1="0" ind2="4" tag="245"><subfield code="a">The Lebanon rustic-republican.</subfield></datafield><datafield ind1=" " ind2=" " tag="260"><subfield code="a">Lebanon, Mo. :</subfield><subfield code="b">Lebanon Pub. Co.,</subfield><subfield code="c">1935-1975.</subfield></datafield><datafield ind1=" " ind2=" " tag="300"><subfield code="a">v.</subfield></datafield><datafield ind1=" " ind2=" " tag="310"><subfield code="a">Weekly</subfield></datafield><datafield ind1="0" ind2=" " tag="362"><subfield code="a">Vol. 1, no. 1 (Feb. 22, 1935)-v. 40, no. 6 (Feb. 6, 1975).</subfield></datafield><datafield ind1=" " ind2=" " tag="580"><subfield code="a">Formed by the merger of: Lebanon rustic (Lebanon, Mo. : 1881), and: Lebanon times (Lebanon, Mo.), and: Laclede County republican (Lebanon, Mo. : 1911).</subfield></datafield><datafield ind1=" " ind2="4" tag="651"><subfield code="a">Lebanon (Mo.)</subfield><subfield code="v">Newspapers.</subfield></datafield><datafield ind1=" " ind2="4" tag="651"><subfield code="a">Laclede County (Mo.)</subfield><subfield code="v">Newspapers.</subfield></datafield><datafield ind1=" " ind2=" " tag="752"><subfield code="a">United States</subfield><subfield code="b">Missouri</subfield><subfield code="c">Laclede</subfield><subfield code="d">Lebanon.</subfield></datafield><datafield ind1="1" ind2="4" tag="780"><subfield code="t">Lebanon rustic (Lebanon, Mo. : 1881)</subfield><subfield code="w">(DLC)sn 89066966</subfield></datafield><datafield ind1="1" ind2="4" tag="780"><subfield code="t">Lebanon times (Lebanon, Mo.)</subfield><subfield code="w">(DLC)sn 89066982</subfield></datafield><datafield ind1="1" ind2="4" tag="780"><subfield code="t">Laclede County republican (Lebanon, Mo. : 1911)</subfield><subfield code="w">(DLC)sn 89067036</subfield></datafield><datafield ind1="0" ind2="5" tag="780"><subfield code="t">Laclede County record</subfield><subfield code="w">(DLC)sn 89066981</subfield></datafield><datafield ind1="0" ind2="0" tag="785"><subfield code="t">Rustic republican</subfield><subfield code="w">(DLC)sn 89066980</subfield></datafield></record>